@phdthesis{sun2009characterizations,
  title={Characterizations and {D}iagnostics of {C}ompton {L}ight {S}ource},
  author={Sun, Changchun},
  year={2009},
  school={Duke University}
}

@book{berestetskii1982quantum,
  title={Quantum {E}lectrodynamics: {V}olume 4},
  author={Berestetskii, Vladimir Borisovich and Lifshitz, Evgenii Mikhailovich and Pitaevskii, Lev Petrovich},
  volume={4},
  year={1982},
  publisher={Butterworth-Heinemann}
}

@article{grozin2002complete,
  title={Complete analysis of polarization effects in $e^{-} \gamma \rightarrow e^{-} \gamma$ with {REDUCE}},
  author={Grozin, AG},
  journal={arXiv preprint hep-ph/0209360},
  year={2002}
}

@article{curatolo2017analytical,
  title={Analytical description of photon beam phase spaces in inverse Compton scattering sources},
  author={Curatolo, C and Drebot, I and Petrillo, V and Serafini, L},
  journal={Physical Review Accelerators and Beams},
  volume={20},
  number={8},
  pages={080701},
  year={2017},
  publisher={APS}
}

@article{krafft2010compton,
  title={Compton sources of electromagnetic radiation},
  author={Krafft, Geoffrey A and Priebe, Gerd},
  journal={Reviews Of Accelerator Science And Technology: Volume 3: Accelerators as Photon Sources},
  pages={147--163},
  year={2010},
  publisher={World Scientific}
}

@article{ranjan2018simulation,
  title={Simulation of inverse Compton scattering and its implications on the scattered linewidth},
  author={Ranjan, N and Terzi{\'c}, B and Krafft, GA and Petrillo, V and Drebot, I and Serafini, L},
  journal={Physical Review Accelerators and Beams},
  volume={21},
  number={3},
  pages={030701},
  year={2018},
  publisher={APS}
}

@article{miyahara2008luminosity,
  title={Luminosity of angled collision of strongly focused beams with different Gaussian distributions},
  author={Miyahara, Yoshikazu},
  journal={Nuclear Instruments and Methods in Physics Research Section A: Accelerators, Spectrometers, Detectors and Associated Equipment},
  volume={588},
  number={3},
  pages={323--329},
  year={2008},
  publisher={Elsevier}
}

@article{mandelstam1958determination,
  title={Determination of the pion-nucleon scattering amplitude from dispersion relations and unitarity. General theory},
  author={Mandelstam, Stanley},
  journal={Physical Review},
  volume={112},
  number={4},
  pages={1344},
  year={1958},
  publisher={APS}
}

@techreport{suzuki1976general,
  title={General formulae of luminosity for various types of colliding beam machines},
  author={Suzuki, Toshio},
  year={1976},
  institution={National Lab. for High Energy Physics}
}

@misc{siegmann1986lasers,
  title={Lasers, Univ. Sc. Book},
  author={Siegmann, Anthony E},
  year={1986},
  publisher={Oxford University Press}
}