@article{hartemann2005high,
  title={High-energy scaling of Compton scattering light sources},
  author={Hartemann, FV and Brown, WJ and Gibson, DJ and Anderson, SG and Tremaine, AM and Springer, PT and Wootton, Alan J and Hartouni, EP and Barty, CPJ},
  journal={Physical Review Special Topics-Accelerators and Beams},
  volume={8},
  number={10},
  pages={100702},
  year={2005},
  publisher={APS}
}

@article{brown2004experimental,
  title={Experimental characterization of an ultrafast Thomson scattering x-ray source with three-dimensional time and frequency-domain analysis},
  author={Brown, WJ and Anderson, SG and Barty, CPJ and Betts, SM and Booth, R and Crane, JK and Cross, RR and Fittinghoff, DN and Gibson, DJ and Hartemann, FV and others},
  journal={Physical Review Special Topics-Accelerators and Beams},
  volume={7},
  number={6},
  pages={060702},
  year={2004},
  publisher={APS}
}

@article{brown2004three,
  title={Three-dimensional time and frequency-domain theory of femtosecond x-ray pulse generation through Thomson scattering},
  author={Brown, Winthrop J and Hartemann, Frederic V},
  journal={Physical Review Special Topics-Accelerators and Beams},
  volume={7},
  number={6},
  pages={060703},
  year={2004},
  publisher={APS}
}

@article{curatolo2017analytical,
  title={Analytical description of photon beam phase spaces in inverse Compton scattering sources},
  author={Curatolo, C and Drebot, I and Petrillo, V and Serafini, L},
  journal={Physical Review Accelerators and Beams},
  volume={20},
  number={8},
  pages={080701},
  year={2017},
  publisher={APS}
}

@article{ranjan2018simulation,
  title={Simulation of inverse Compton scattering and its implications on the scattered linewidth},
  author={Ranjan, Nalin and Terzi{\'c}, B and Krafft, GA and Petrillo, Vittoria and Drebot, Illya and Serafini, L},
  journal={Physical Review Accelerators and Beams},
  volume={21},
  number={3},
  pages={030701},
  year={2018},
  publisher={APS}
}

@incollection{krafft2010compton,
  title={Compton sources of electromagnetic radiation},
  author={Krafft, Geoffrey A and Priebe, Gerd},
  booktitle={Reviews Of Accelerator Science And Technology: Volume 3: Accelerators as Photon Sources},
  pages={147--163},
  year={2010},
  publisher={World Scientific}
}

@article{deitrick2018high,
  title={High-brilliance, high-flux compact inverse Compton light source},
  author={Deitrick, KE and Krafft, GA and Terzi{\'c}, B and Delayen, JR},
  journal={Physical Review Accelerators and Beams},
  volume={21},
  number={8},
  pages={080703},
  year={2018},
  publisher={APS}
}

@article{pogorelsky2000demonstration,
  title={Demonstration of 8$\times$ 10 18 photons/second peaked at 1.8 {\AA} in a relativistic Thomson scattering experiment},
  author={Pogorelsky, IV and Ben-Zvi, I and Hirose, T and Kashiwagi, S and Yakimenko, V and Kusche, K and Siddons, P and Skaritka, J and Kumita, T and Tsunemi, A and others},
  journal={Physical Review Special Topics-Accelerators and Beams},
  volume={3},
  number={9},
  pages={090702},
  year={2000},
  publisher={APS}
}

@misc{shen2001x,
  title={X-ray flux, brilliance and coherence of the proposed Cornell energy-recovery synchrotron source},
  author={Shen, Qun},
  year={2001},
  publisher={CHESS Tech. Memo. 01-002}
}

@article{krafft2016laser,
  title={Laser pulsing in linear Compton scattering},
  author={Krafft, GA and Johnson, Erik and Deitrick, Kirsten and Terzi{\'c}, B and Kelmar, R and Hodges, Todd and Melnitchouk, W and Delayen, JR},
  journal={Physical Review Accelerators and Beams},
  volume={19},
  number={12},
  pages={121302},
  year={2016},
  publisher={APS}
}