@article{ranjan2018simulation,
  title={Simulation of {I}nverse {C}ompton {S}cattering and its {I}mplications on the {S}cattered {L}inewidth},
  author={Ranjan, Nalin and Terzi{\'c}, B and Krafft, GA and Petrillo, Vittoria and Drebot, Illya and Serafini, L},
  journal={Physical Review Accelerators and Beams},
  volume={21},
  number={3},
  pages={030701},
  year={2018},
  publisher={APS}
}

@techreport{weidemann2010degaussing,
  title={A {D}egaussing {P}rocedure for the {QG}01 {Q}uadrupole {M}agnet of the {LCLS} {I}njector {B}eamline},
  author={Weidemann, Achim W},
  year={2006},
  institution={SLAC National Accelerator Lab., Menlo Park, CA (United States)}
}

@article{curatolo2017analytical,
  title={Analytical {D}escription of {P}hoton {B}eam {P}hase {S}paces in {I}nverse {C}ompton {S}cattering {S}ources},
  author={Curatolo, C and Drebot, I and Petrillo, V and Serafini, L},
  journal={Physical Review Accelerators and Beams},
  volume={20},
  number={8},
  pages={080701},
  year={2017},
  publisher={APS}
}

@article{drebot2017two,
  title={Two-colour X-gamma ray inverse Compton back-scattering source},
  author={Drebot, I and Petrillo, V and Serafini, L},
  journal={EPL (Europhysics Letters)},
  volume={120},
  number={1},
  pages={14002},
  year={2017},
  publisher={IOP Publishing}
}

@article{akagi2016narrow,
  title={Narrow-band {P}hoton {B}eam via {L}aser {C}ompton {S}cattering in an {E}nergy {R}ecovery {L}inac},
  author={Akagi, T and Kosuge, A and Araki, S and Hajima, R and Honda, Y and Miyajima, T and Mori, M and Nagai, R and Nakamura, N and Shimada, M and others},
  journal={Physical Review Accelerators and Beams},
  volume={19},
  number={11},
  pages={114701},
  year={2016},
  publisher={APS}
}

@article{carstens2014megawatt,
  title={Megawatt-{S}cale {A}verage-{P}ower {U}ltrashort {P}ulses in an {E}nhancement {C}avity},
  author={Carstens, Henning and Lilienfein, N and Holzberger, Simon and Jocher, C and Eidam, T and Limpert, J and T{\"u}nnermann, A and Weitenberg, J and Yost, Dylan C and Alghamdi, A and others},
  journal={Optics letters},
  volume={39},
  number={9},
  pages={2595--2598},
  year={2014},
  publisher={Optical Society of America}
}

@article{hartemann2005high,
  title={High-energy scaling of Compton scattering light sources},
  author={Hartemann, FV and Brown, WJ and Gibson, DJ and Anderson, SG and Tremaine, AM and Springer, PT and Wootton, Alan J and Hartouni, EP and Barty, CPJ},
  journal={Physical Review Special Topics-Accelerators and Beams},
  volume={8},
  number={10},
  pages={100702},
  year={2005},
  publisher={APS}
}

@article{deitrick2018high,
  title={High-brilliance, high-flux compact inverse Compton light source},
  author={Deitrick, KE and Krafft, GA and Terzi{\'c}, B and Delayen, JR},
  journal={Physical Review Accelerators and Beams},
  volume={21},
  number={8},
  pages={080703},
  year={2018},
  publisher={APS}
}

@article{gibson2004pleiades,
  title={PLEIADES: A picosecond Compton scattering x-ray source for advanced backlighting and time-resolved material studies},
  author={Gibson, David J and Anderson, Scott G and Barty, Christopher PJ and Betts, Shawn M and Booth, Rex and Brown, Winthrop J and Crane, John K and Cross, Robert R and Fittinghoff, David N and Hartemann, Fred V and others},
  journal={Physics of Plasmas},
  volume={11},
  number={5},
  pages={2857--2864},
  year={2004},
  publisher={American Institute of Physics}
}

@article{brown2004experimental,
  title={Experimental characterization of an ultrafast Thomson scattering x-ray source with three-dimensional time and frequency-domain analysis},
  author={Brown, WJ and Anderson, SG and Barty, CPJ and Betts, SM and Booth, R and Crane, JK and Cross, RR and Fittinghoff, DN and Gibson, DJ and Hartemann, FV and others},
  journal={Physical Review Special Topics-Accelerators and Beams},
  volume={7},
  number={6},
  pages={060702},
  year={2004},
  publisher={APS}
}

@article{sun2009energy,
  title={Energy and {E}nergy {S}pread {M}easurements of an {E}lectron {B}eam by {C}ompton {S}cattering {M}ethod},
  author={Sun, C and Li, J and Rusev, G and Tonchev, AP and Wu, YK},
  journal={Physical Review Special Topics-Accelerators and Beams},
  volume={12},
  number={6},
  pages={062801},
  year={2009},
  publisher={APS}
}

@techreport{schneidmiller2011photon,
  title={Photon {B}eam {P}roperties at the {E}uropean {XFEL} ({D}ecember 2010 revision)},
  author={Schneidmiller, Evgeny A and Yurkov, Mikhail V},
  year={2011},
  institution={Deutsches Elektronen-Synchrotron (DESY)}
}

@article{adriani2014technical,
  title={Technical {D}esign {R}eport {E}urogamma{S} {P}roposal for the {ELI}-{NP} {G}amma {B}eam {S}ystem},
  author={Adriani, O and Albergo, S and Alesini, D and Anania, M and Angal-Kalinin, D and Antici, P and Bacci, A and Bedogni, R and Bellaveglia, M and Biscari, C and others},
  journal={arXiv preprint arXiv:1407.3669},
  year={2014}
}

@article{eisenberger1971x,
  title={X-ray {P}arametric {C}onversion},
  author={Eisenberger, P and McCall, SL},
  journal={Physical Review Letters},
  volume={26},
  number={12},
  pages={684},
  year={1971},
  publisher={APS}
}

@article{chen1995cain,
  title={CAIN: Conglomerat d'ABEL et d'Interactions Non-lineaires},
  author={Chen, P and Horton-Smith, G and Ohgaki, T and Weidemann, AW and Yokoya, K},
  journal={Nuclear Instruments and Methods in Physics Research Section A: Accelerators, Spectrometers, Detectors and Associated Equipment},
  volume={355},
  number={1},
  pages={107--110},
  year={1995},
  publisher={Elsevier}
}