@article{JRossCERNacc,
author = "J. Rossbach",
year = "(1992)",
title = "Basic {C}ourse on {A}ccelerator {O}ptics",
journal = "{CERN} {A}ccelerator {S}chool, {J}yvaskyla, {F}inland"
}

@article{eRHIC,
author = "E.C. Aschenauer et al",
title = "e{RHIC} {D}esign {S}tudy: {A}n {E}lectron-{I}on {C}ollider at {BNL}",
year = "(2014)",
journal = "{B}rookhaven {N}ational {L}aboratory, {D}esign {R}eport, arXiv:1409:1633"
}

@article{CAIN,
author = "P. Chen et al",
title = "Conglomerat d'{ABEL} et d'{I}nteractions {N}on-{L}ineaires",
year = "(1994)",
journal = "Nuclear {I}nstruments and {M}ethods in {P}hysics {R}esearch {A}, 355"
}

@article{PWDIANA,
author = "P. H. Williams",
title = "{DIANA}: {D}aresbury {I}ndustrial {A}ccelerator for {N}uclear {A}pplications",
year = "(2019)",
journal = "Darmstadt, {A}vailable at:\url{https://ikpcloud.ikp.physik.tu-darmstadt.de/index.php/s/PaKivWSt3ZyDkgq}"
}

@article{TAkagicERL,
author = "T. Akagi et al",
title = "Narrow-band {P}hoton {B}eam via {L}aser {C}ompton {S}cattering in an {E}energy {R}ecovery {L}inac",
year  = "(2016)",
journal = "Physical {R}eview {A}ccelerators and {B}eams, 19, 114701"
}

@article{NewSUBARU,
author = "S. Amano et al",
title = "Several {M}e{V} $\gamma$-ray {G}eneration at {N}ew{SUBARU} by {L}aser {C}ompton {B}ackscattering",
year = "(2009)",
journal = "Nuclear {I}nstruments and {M}ethods in {P}hysics {R}esearch {A}, 602"
}  

@article{MURAmarkI,
author = "K. R. Symon",
title = "The {FFAG} {S}ynchrotron - {M}ark {I}",
year = "(1954)",
journal = "Midwestern {U}niversities {R}esearch {A}ssociation, {T}echnical {N}ote, {MURA}-{KRS}-6"
}

@article{spiralvradial,
author = "K.R. Symon et al",
title = "Fixed-{F}ield {A}lternating {G}radient {P}article {A}ccelerators",
year = "(1956)",
journal = "Physical {R}eview, 103, 6"
}

@article{SMachidaFFAG,
author = "S. Machida",
title = "Fixed-{F}ield {A}lternating {G}radient",
year = "(2013)",
journal = "Pre-{P}rint, ar{X}iv: 1302.2026"
}

@article{sheehyFFAG,
author = "S.L. Sheehy",
title = "Fixed-{F}ield {A}lternating {G}radient {A}ccelerators",
year = "(2015)",
journal = "{CERN} {S}pecialised {A}ccelerator {S}chool on {M}edical {A}ccelerators, ar{X}iv: 1604:05221"
}

@article{CIFFAGlec,
author = "M.K. Craddock",
title = "{FFAG} {O}ptics",
year = "(2011)",
journal = "International {W}orkshop on {FFAG} {A}ccelerators, {D}aresbury, {UK}"
}

@article{KEKprotonFFAG,
author = "M. Aiba",
title = "Development of a {FFAG} {P}roton {S}ynchrotron",
year  = "(2000)",
journal = "Proceedings of the 3rd {E}uropean {P}article {A}ccelerator {C}onference, {V}ienna, {A}ustria"
}

@article{EMMApac,
author = "S. Smith",
title = "{EMMA}, {T}he {W}orld's {F}irst {N}on-{S}caling {FFAG} {A}ccelerator",
year = "(2009)",
journal = "Proceedings of the 23rd {P}article {A}ccelerator {C}onference, {V}ancouver, {C}anada"
}

@article{EMMAnature,
author = "S. Machida et al",
title = "Acceleration in the {L}inear {N}on-{S}caling {F}ixed-{F}ield {A}lternating-{G}radient {A}ccelerator {EMMA}",
year = "(2012)",
journal = "Nature Physics, 8"
}

@article{SMAchidaGantry,
author = "S. Machida and R. Fenning",
title = "Beam {T}ransport {L}ine with {S}caling {F}ixed {F}ield {A}lternating  {G}radient {T}ype {M}agnets",
year = "(2010)",
journal = "Physical {R}eview {S}pecial {T}opics - {A}ccelerators and {B}eams, 13, 084001"
}

@article{DejanIPAC2017,
author = "D. Trbojevic et al",
title = "{CBETA}, {C}ornell {U}niversity {B}rookhaven {N}ational {L}aboratory {E}lectron {E}nergy {R}ecovery {T}est {A}ccelerator",
year = "(2017)",
journal = "Proceedings of the 8th {I}nternational {P}article {A}ccelerator {C}onference, {C}openhagen, {D}enmark"
}

@article{IPAC2018CBETA,
author = "G.H. Hoffstaetter et al",
title = "{CBETA}, {T}he 4-turn {ERL} with {SRF} and {S}ingle {R}eturn {L}oop",
year = "(2018)",
journal = "Proceedings of the 9th {I}nternational {P}article {A}ccelerator {C}onference, {V}ancouver, {C}anada"
}

@article{CERNPS,
author = "J.B. Adams",
title = "The {CERN} {P}roton {S}ynchrotron",
journal = "Nature, 185",
year = "(1960)"
}

@article{SnyderTheoryAG,
author = "E.D. Courant and H.S. Snyder",
title = "Theory of the {A}lternating-{G}radient {S}ynchrotron",
year = "(1958)",
journal = "Annals of {P}hysics, 3, 1"
}

@article{scottEMMAlattice,
author = "J. Scott Berg",
title = "The {EMMA} {M}ain {R}ing {L}attice",
year = "(2008)",
journal = "Nuclear {I}nstruments and {M}ethods in {P}hysics {R}esearch {A}, 596"
}

@article{CBETATDR,
author = "G.H. Hoffstaetter et al",
title = "CBETA {D}esign {R}eport",
year = "(2017)",
journal = "Technical {R}eport, {CBETA}-015, {CLASSE} and {BNL}"
}

@article{DejanGantry,
author = "D. Trbojevic et al",
title = "Large {M}omentum {A}cceptance {S}uperconducting ns-{FFAG} {G}antry for {C}arbon {C}ancer {T}herapy",
year = "(2013)",
journal = "Proceedings of the 27th {P}article {A}ccelerator {C}onference, {P}asadena {CA}, {USA}"
}

@article{JLabFEL,
author = "C.L. Bohn",
title = "Recirculating {A}ccelerator {D}river for a {H}igh-{P}ower {F}ree {E}lectron {L}aser",
year = "(1997)",
journal = "Proceedings of the 17th {P}article {A}ccelerator {C}onference"
}

@article{JLabERLreview,
author = "L. Merminga et al",
title = "High-{C}urrent {E}nergy-{R}ecovering {L}inacs",
year = "(2003)",
journal = "Annual {R}eview of {N}uclear and {P}article {S}cience, 53, 1"
}

@article{CEBAF1stER,
author = "A. Bocagz et al",
title = "{CEBAF} {E}nergy {R}ecovery {E}xperiment",
year = "(2003)",
journal = "Proccedings of the 20th {P}article {A}ccelerator {C}onference, {P}ortland, {O}regon"
}

@article{MAMICrf,
author = "H. Euteneuer",
title = "The 4.9\,{GH}z {A}ccelerating {S}tructure for {MAMI} {C}",
year = "(2000)",
journal = "Proceedings of the 7th {E}uropean {P}article {A}ccelerator {C}onference, {V}ienna, {A}ustria"
}

@article{CASERL,
author = "A. Jankowiak",
title = "Energy {R}ecovery {L}inacs",
year = "(2017)",
journal = "Cern {A}ccelerator {S}chool, {E}gham, {UK}. {A}vailable at: \url{https://cas.web.cern.ch/sites/cas.web.cern.ch/files/lectures/egham-2017/2017-09-07-cas17-erl-andreasjankowiak.pdf}"
}

@article{HoffstaetterBBU,
author = "G. H. Hoffstaetter and I. Bazarov",
title = "Beam-{B}reakup {I}nstability {T}heory for {E}nergy {R}ecovery {L}inacs",
year = "(2004)",
journal = "Physical {R}eview {S}pecial {T}opics - {A}ccelerators and {B}eams, 7, 054401"
}    

@article{SDALINACipac9,
author = "M. Arnold et al",
title = "First {ERL} {O}peration of {S}-{DALINAC} and {C}ommissioning of a {P}ath {L}ength {A}djustment {S}ystem",
year = "(2018)",
journal = "Proceedings of the 9th {I}nternational {P}article {A}ccelerator {C}onference, {V}ancouver, {C}anada"
}

@article{SDALINACipac8,
author = "M. Arnold et al",
title = "Construction and {S}tatus of the {T}hrice {R}ecirculating {S}-{DALINAC}",
year = "(2017)",
journal = "Proceedings of the 8th {I}nternational {P}article {A}ccelerator {C}onference, {C}openhagen, {D}enmark"
} 

@article{neutactplot,
author = "W. P. Swanson",
title = "Improved {C}alculation of {P}hotoneutron {Y}ields {R}eleased by {I}ncident {E}lectrons",
year = "(1979)",
journal = "Health {P}hysics, 37, 3"
}

@article{MTignerERL,
author = "M. Tigner",
title = "A {P}ossible {A}pparatus for {E}lectron {C}lashing-{B}eam {E}xperiments",
year = "(1965)",
journal = "Il {N}uovo {C}imento, 37, 3"
}

@article{StanfordSCA,
author = "T. I. Smith et al",
title = "Development of the {SCA}/{FEL} for use in {B}iomedical and {M}aterials {S}cience {E}xperiments",
year = "(1987)",
journal = "Nuclear {I}nstruments and {M}ethods in {P}hysics {R}esearch {A}, 259"
}

@article{NovosibirskIPAC,
author = "N. A. Vinokurov et al",
title = "Novosibirsk {F}our-{O}rbit {ERL} with {T}hree {FEL}s",
year = "(2017)",
journal = "Proceedings of the 8th {I}nternational {P}article {A}ccelerator {C}onference, {C}openhage, {D}enmark"
}

@article{NovosibirskFEL,
author = "N. A. Vinokurov et al",
title = "Novosibirsk {F}ree {E}lectron {L}aser {F}acility: {T}wo-{O}rbit {ERL} with {T}wo {FEL}s",
year = "(2009)",
journal = "Proccedings of the 31st {F}ree {E}lectron {L}aser {C}onference, {L}iverpool, {UK}"
}

@article{NovosibirskBullet,
author = "O. A. Shevchenko et al",
title = "The {N}ovosibirsk {F}ree {E}lectron {L}aser {F}acility",
year = "(2019)",
journal = "Bulletin of the {R}ussian {A}cademy of {S}ciences: {P}hysics, 83, 2"
}

@article{NovosibirskProcedia,
author = "O. A. Shevchenko et al",
title = "The {N}ovosibirsk {F}ree-{E}lectron {L}aser - {U}nique {S}ource of {T}erahertz and {I}nfrared {C}oherent {R}adiation",
year = "(2016)",
journal = "Physics {P}rocedia, 84"
}

@article{NovosibirskERL,
author = "N. A. Vinokurov et al",
title = "Novosibirsk {ERL} {F}acility",
year = "(2017)",
journal = "Proceedings of the 59th {E}nergy {R}ecovery {L}inac {C}onference, {G}eneva, {S}witzerland"
}

@article{NovosibirskGun,
author = "V. N. Volkov et al",
title = "New {RF} {G}un for {N}ovosibirsk {ERL} {FEL}",
year = "(2016)",
journal = "Physics {P}rocedia, 84"
}

@article{CEBAFRLegg,
author = "R. Legg",
title = "Operating {E}xperience at {CEBAF}",
year = "(1996)",
journal = "Technical {N}ote,{CEBAF}-{PR}-96-013, {S}outheastern {U}niversities {R}esearch {A}ssociation, {N}ewport {N}ews, {V}irginia"
}

@article{CEBAFGrunder,
author = "H. A. Grunder",
title = "{CEBAF} {C}ommissioning and {F}uture {P}lans",
year = "(1995)",
journal = "Proceedings of the 16th {P}article {A}ccelerator {C}onference, {D}allas, {T}exas"
}

@article{CEBAFYChao,
author = "Y. Chao et al",
title = "{CEBAF} {A}ccelerator {A}chievements",
year = "(2011)", 
journal = "Journal of {P}hysics: {C}onference {S}eries, 299, 1"
}

@article{CEBAFLeemann,
author = "C. Leemann et al",
title = "The {C}ontinuous {E}lectron {B}eam {A}ccelerator {F}acility: {CEBAF} at the {J}efferson {L}aboratory",
year = "(2001)",
journal = "Annual {R}eview of {N}uclear and {P}article {S}cience, 51, 1"
}

@article{CEBAFFMeot,
author = "F. Meot et al",
title = "{ER}@{CEBAF} - {A} {H}igh {E}nergy, {M}ultiple {P}ass {E}nergy {R}ecovery {E}xperiment at {CEBAF}",
year = "(2016)",
journal = "Proceedings of the 7th {I}nternational {P}article {A}ccelerator {C}onference, {B}usan, {K}orea"
} 


@article{JLEIC,
author = "Y. Nosochkov et al",
title = "Update on the {JLEIC} {E}lectron {C}ollider {R}ing {D}esign",
year = "(2017)",
journal = "Proceedings of the 8th {I}nternational {P}article {A}ccelerator {C}onference, {C}openhagen, {D}enmark"
}  

@article{Budkerecool,
author = "G. I. Budker et al",
title = "Experimental {S}tudies of {E}lectron {C}ooling",
year = "(1976)",
journal = "Particle {A}ccelerators, 7"
}

@article{CERNEC,
author = "M. Bai",
title = "Introduction to {E}lectron {C}ooling",
year = "(2015)",
journal = "{BND} {S}chool, {FZ} {J}urlich, {A}vailable at: \url{https://indico.cern.ch/event/357886/contributions/849347/attachments/1148562/1647628/EC.pdf}"
}

@article{ESREC,
author = "M. Steck et al",
title = "Electron {C}ooling {E}xperiments at the {ESR}",
year = "(2004)",
journal = "Nuclear {I}nstruments and {M}ethods in {P}hysics {R}esearch {A}, 532"
}

@article{PothEC,
author = "H. Poth",
title = "Electron {C}ooling: {T}heory, {E}xperiment, {A}pplication",
year = "(1990)",
journal = "Physics {R}eports, 196"
} 

@article{SDALINAC2017IPAC,
author = "M. Arnold et al",
title = "Construction and {S}tatus of the {T}hrice recirculating {S}-{DALINAC}",
year = "(2017)",
journal = "The 8th {I}nternational {P}article {A}ccelerator {C}onference, {C}openhage, {D}enmark"
}

@article{SDALINAC2018IPAC,
author = "M. Arnold et al",
title = "First {ERL} {O}peration of {S}-{DALINAC} and {C}omissioning of a {P}ath {L}ength {A}djustment {S}ystem",
year = "(2018)",
journal = "Proceedings of the 9th {I}nternational {P}article {A}ccelerator {C}onference, {V}ancouver, {C}anada"
}

@article{SDALINAC2017ERL,
author = "M. Arnold et al",
title = "{ERL} {M}ode of {S}-{DALINAC}: {D}esign and {S}tatus",
year = "(2017)",
journal = "Proceedings of the 59th {E}nergy {R}ecovery {L}inac {C}onfrence, {G}eneva, {S}witzerland"
}

@article{ALICE2012IPAC,
author = "Y. M. Saveliev",
title = "{ALICE}: {S}tatus, {D}evelopments and {S}cientific {P}rogram",
year = "(2012)",
journal = "Proceedings of the 3rd {I}nternational {P}article {A}ccelerator {C}onference, {N}ew {O}rleans, {USA}"
}

@article{4GLS,
author = "M. W. Poole and E. A. Seddon",
title = "4{GLS} and the {P}rototype {E}nergy {R}ecovery {L}inac {P}roject at {D}aresbury",
year = "(2008)",
journal = "Proceedings of the 9th {E}uropean {P}article {A}ccelerator {C}onference, {L}ucerne, {S}witzerland"
} 

@article{LynceanCLS,
author = "K. Achterhold et al",
title = "The {L}yncean {T}echnologies {C}ompact {L}ight {S}ource",
year = "(2018)",
journal = "Lyncean {T}echnologies, {W}hite {P}aper, {A}vailable at: \url{https://www.lynceantech.com/cls_whitepaper_1/}"
}

@article{KirstenIPAC,
author = "K. Deitrick et al",
title = "A {H}ard {X}-ray {C}ompact {C}ompton {S}ource at {CBETA}",
year = "(2019)",
journal = "Proceedings of the 10th {I}nternational {P}article {A}ccelerator {C}onference"
}

@article{FZomercav,
author = "F. Zomer",
title = "Description of the {N}ew {ATF} {F}our-{M}irror {C}avity",
year = "(2010)",
journal = "{KEK} {P}hysics {S}eminar, {A}vailable at: \url{https://www2.kek.jp/physics-seminar/files2010/20100816_zomer.pdf}"
}

@article{HospX,
author = "A. M. Kellerer",
title = "Electron {S}pectra and the {RBE} of {X}-rays",
year = "(2002)",
journal = "Radiation {R}esearch, 1, 158"
}

@article{CAINman,
author = "K. Yokoya et al",
title = "Users {M}anual of {CAIN}",
year = "(2003)",
journal = "Available at: https://ilc.kek.jp/~yokoya/CAIN/cain235/CainMan235.pdf"
}

@article{ELINPwp,
author = "ELI-NP Collaboration",
title = "The {W}hite {B}ook of {ELI} {N}uclear {P}hysics",
year = "(2011)",
journal = "Bucharest-{M}agurele, {R}omania. {A}vailable at: \url{https://www.eli-np.ro/documents/ELI-NP-Whitebook.pdf}"
}

@article{NRFdef,
author = "U. Kneissl et al",
title = "Investigation of {N}uclear {S}tructure by {R}esonance {F}luorescence {S}cattering",
year = "(1996)",
journal = "Progress in {P}article and {N}uclear {P}hysics, 37"
}

@article{NRFdiag,
author = "R. Hajima et al",
title = "Design of a {M}ulti {T}urn {ERL} for {H}ybrid {K}-{E}dge {D}ensitometer",
year = "(2010)",
journal = "Proccedings of the 32nd {F}ree {E}lectron {L}aser {C}onference,{M}almo, {S}weden"
}

@article{EurogammaS,
author = "L. Serafini et al",
title = "Technical {D}esign {R}eport: {E}uro{G}amma{S} {P}roposal for the {ELI}-{NP} {G}amma {B}eam {S}ystem",
year = "(2014)",
journal = "Technical {D}esign {R}eport, {ELI}-{NP}-{GBS}, {M}agurele-{B}ucharest, {R}omania, ar{X}iv: 1407:3669"
}

@article{ELIGales,
author = "S. Gales et al",
title = "The {E}xtreme {L}ight {I}nfrastructure-{N}uclear {P}hysics ({ELI}-{NP}) {F}acility: {N}ew {H}orizons in {P}hysics with 10\,{PW} {U}ltra-{I}ntense {L}asers and 20\,{M}e{V} {B}rilliant {G}amma {B}eams",
year = "(2018)",
journal = "Reports on {P}rogress in {P}hysics, 81, 094301"
}

@article{FASTAIP,
author = "D. Mihalcea et al",
title = "High {B}rightness {G}amm-ray {P}roduction at {F}ermilab {A}ccelerator {S}cience and {T}echnology ({FAST}) {F}acility",
year = "(2017)",
journal = "{AIP} {C}onference {P}roceedings, 1812, 100002"
}

@article{FAST2017FEL,
author = "D. Mihalcea et al",
title = "High {S}pectral {D}ensity {C}ompton {B}ack-{S}cattered {G}amma-ray {S}ources at {F}ermilab",
year = "(2017)",
journal = "Proceedings of the 38th {F}ree {E}lectron {L}aser {C}onference, {S}anta {F}e, {N}ew {M}exico"
}

@article{HiGScappres,
author = "Y. K. Wu",
title = "Overview of {H}igh {I}ntensity {G}amma-ray {S}ource {C}apabilities and {F}uture {U}pgrades",
year = "(2013)",
journal = "Inmternational {W}orkshop on {P}olarized {S}ources, {T}argets and {P}olarimetry, {U}niversity of {V}irginia. Available at: \url{http://faculty.virginia.edu/PSTP2013/Talks/HIGSCapabilities_PSTP2013_v2.pdf}"
}

@article{HiGs09,
author = "H. R. Weller et al",
title = "Research {O}pportunities at the {U}pgraded {HI}$\gamma${S} {F}acility",
year = "(2009)",
journal = "Progress in {P}article and {N}uclear {P}hysics, 62"
}

@article{NewSUBARUbeam,
author = "H. Utsunomiya",
title = "The $\gamma$-ray {B}eam-{L}ine at {N}ew{SUBARU}",
year = "(2015)",
journal = "Nuclear {P}hysics {N}ews, 25, 3"
}

@article{KrafftLaserPulsing,
author = "G. A. Krafft et al",
title = "Laser {P}ulsing in {L}inear {C}ompton {S}cattering",
year = "(2016)",
journal = "Physical {R}eview {A}ccelerators and {B}eams, 19, 121302"
} 

@article{SerafiniAnalytical,
author = "L. Serafini et al",
title = "Analytical {D}escription of {P}hoton {B}eam {P}hase {S}paces in {I}nverse {C}ompton {S}cattering {S}ources",
year = "(2017)",
journal = "Physical {R}eview {A}ccelerators and {B}eams, 20, 080701"
}

@article{KrafftTerzic2016,
author = "G. A. Krafft et al",
title = "Combining {H}armonic {G}eneration and {L}aser {C}hirping to {A}chieve {H}igh {S}pectral{D}ensity in {C}ompton {S}ources",
year = "(2016)",
journal = "Physical {R}eview {A}ccelerators and {B}eams, 19, 044403"
}

@article{PetrilloPond,
author = "V. Petrillo et al",
title = "Compensation of {N}on-{L}inear {B}andwidth {B}roadening by {L}aser {C}hirping in {T}homson {S}ources",
year = "(2018)",
journal = "Journal of {A}pplied {P}hysics, 124, 063105"
}

@article{CompSourceEM,
author = "G. A. Krafft and G. Priebe",
title = "Compton {S}ources of {E}lectromagnetic {R}adiation",
year = "(2008)",
journal = "Reviews of {A}ccelerator {S}cience and {T}echnology, 1"
} 

@article{KrafftBand,
author = "G. A. Krafft et al",
title = "Simulation of {I}nverse {C}ompton {S}cattering and its {I}mplications on the {S}cattered {L}inewidth",
year = "(2018)",
journal = "Physical {R}eview {A}ccelerators and {B}eams, 21, 030701"
}

@article{Serafini2012,
author = "L. Serafini et al",
title = "Photon {F}lux and {S}pectrum of $\gamma$-rays {C}ompton {S}ources",
year = "(2012)",
journal = "Nuclear {I}nstruments and {M}ethods in {P}hysics {R}esearch {A}, 693"
}

@article{SPARC,
author = "C. Vaccarezza et al",
title = "The {SPARC} {L}ab {T}homson {S}ource",
year = "(2016)",
journal = "Nuclear {I}nstruments and {M}ethods in {P}hysics {R}esearch {A}, 829"
}

@article{MITICS,
author = "W. S. Graves et al",
title = "{MIT} {I}nverse {C}ompton {S}ource {C}oncept",
year = "(2009)",
journal = "Nuclear {I}nstruments and {M}ethods in {P}hysics {R}esearch {A}, 608"
}

@article{ThomXTDR,
author = "A. Variola et al",
title = "Thom{X} {T}echnical {D}esign {R}eport",
year = "(2014)",
journal = "Saclay, {F}rance, {A}vailable at: \url{http://hal.in2p3.fr/file/index/docid/971281/filename/TDR_ThomX.pdf}"
} 

@article{ALICEICS1,
author = "G. Priebe et al",
title = "First {R}esults of the {D}aresbury {C}ompton {B}ackscattering {X}-ray {S}ource ({COBALD})",
year = "(2010)",
journal = "Hard {X}-ray, {G}amma-ray, and {N}eutron {D}etector {P}hysics {XII}, 7805, {I}nternational {S}ociety for {P}hotonics and {O}ptics"
}  

@article{ALICEICS2,
author = "D. Laundy et al",
title = "Results from the {D}aresbury {C}ompton {B}ackscattering {X}-ray {S}ource",
year = "(2012)",
journal = "Nuclear {I}ntruments and {M}ethods in {P}hysics {R}esearch {A}, 689"
}

@article{SPARCstatus,
author = "A. Bacci et al",
title = "Status of the {T}homson {S}ource at {SPARC}/{PLASMONX}",
year = "(2009)",
journal = "Nuclear {I}nstruments and {M}ethods in {P}hysics {R}esearch {A}, 608"
}

@article{SPARCcom,
author = "C. Vaccarezza et al",
title = "The {SPARC} {L}ab {T}homson {S}ource {C}omissioning",
year = "(2014)",
journal = "Proceedings of the 5th {I}nternational {P}article {A}ccelator {C}onference, {D}reseden, {G}ermany"
} 

@article{HorikawaNewSUB,
author = "K. Horikawa et al",
title = "Measurements for the {E}nergy and {F}lux of {L}aser {C}ompton {S}cattering $\gamma$-ray {P}hotons {G}enerated in an {E}lectron {S}torage {R}ing",
year = "(2010)",
journal = "Nuclear {I}nstruments and {M}ethods in {P}hysics {R}esearch {A}, 618"
}

@article{ELIcav,
author = "C.F. Ndiaye et al",
title = "Low {P}ower {S}ource {C}omissioning of an {I}novative {L}aser {B}eam {C}irculator for {I}nverse {C}ompton {S}cattering $\gamma$-ray {S}ource",
year = "(2019)",
journal = "Pre-{P}rint ar{X}iv: 1901.05521v1"
}

@article{ELI2016IPAC,
author = "I. Drebot et al",
title = "Expected {G}amma {S}pectra at {ELI}-{NP}-{GBS}",
year = "(2016)",
journal = "Proceedings of the 7th {I}nternational {P}article {A}ccelerator {C}onference, {B}usan, {K}orea"
}

@article{ColwynIPAC2019,
author = "C. Gulliford et al",
title = "{CBETA} {B}eam {C}ommissioning {R}esults",
year = "(2019)",
journal = "The 10th {I}nternational {P}article {A}ccelerator {C}onference, {M}elbourne, {A}ustralia"
} 

@article{DutyCycle,
author = "M. Vretenar",
title = "Linear {A}ccelerators",
year = "(2014)",
journal = "Proceedings of the {CAS}-{CERN} {A}ccelerator {S}chool: {A}dvanced {A}ccelerator {P}hysics, {T}rondheim, {N}orway"
}

@article{FAcell,
author = "D. Trbojevic et al",
title = "Hallbach {M}agnets for {CBETA}",
year = "(2017)",
journal = "{CBETA} {T}echnical {N}ote 008, {C}ornell {U}niversity and {BNL}, {A}vailable at: \url{https://www.classe.cornell.edu/CBETA_PM/notes/CBETA008.pdf}"
}

@article{ELINPFac,
author = "C. A. Ur et al",
title = "The {ELI}-{NP} {F}acility for {N}uclear {P}hysics",
year = "(2015)",
journal = "Nuclear {I}nstruments and {M}ethods in {P}hysics {R}esearch {B}, 355"
}

@article{MAMImicro,
author = "T.H. Walcher",
title = "The {M}ainz {M}icrotron {F}acility {MAMI}",
year = "(1990)",
journal = "Progess in {P}article and {N}uclear {P}hysics, 24"
}

@article{NEQring,
author = "H.L. Owen et al",
title = "Non-{E}quilibrium {E}lectron {R}ings for {S}ynchrotron {R}adiation {P}roduction",
year = "(2013)",
journal = "Physical {R}eview {L}etters, 110, 179903"
}

@article{HywelPetepath,
author = "H.L. Owen and P. H. Williams",
title = "A {M}odular {P}ath {L}ength {C}orrector for {E}nergy {R}ecovery {L}inacs",
year = "(2012)",
journal = "Nuclear {I}nstruments and {M}ethods in {P}hysics {R}esearch {A},662"
}

@article{Bmad,
author = "D. Sagan",
title = "The {B}mad {M}anual",
year = "(2019)",
journal = "Available at: \url{https://www.classe.cornell.edu/bmad/manual.html}"
}

@article{Tao,
author = "D. Sagan",
title = "The {T}ao {M}anual",
year = "(2019)",
journal = "Available at: \url{https://www.classe.cornell.edu/bmad/tao.html}"
}

@article{CLSCT,
author = "K. Achterhold et al",
title = "Monochromatic {C}omputed {T}omography with a {C}ompact {L}aser-{D}riven {X}-ray {S}ource",
year = "(2013)",
journal = "Nature {S}cientific {R}eports, 3, 1313"
} 

@article{BmadLattice,
author = "J.S. Berg",
title = "{S}ummary of {A}pril 10, 2017 {L}attice",
year = "(2017)",
journal = "Technical {R}eport, {CBETA}-014, {CLASSE} and {BNL}"
}

@article{PanICS,
author = "Z. Pan et al",
title = "Design and {D}ynamic {S}tudies for a {C}ompact {S}torage {R}ing to {G}enerate {G}amma-ray {L}ight {S}ource {B}ased on {C}ompton {B}ackscattering {T}echnique",
journal = "Physical {R}eview {A}ccelerators and {B}eams, 22, 040702"
}
